<?xml version="1.0" encoding="UTF-8"?><collection xmlns="http://www.loc.gov/MARC21/slim"><record><leader>00432nam--2200109-i-4500</leader><controlfield tag="001">000034806</controlfield><controlfield tag="002">20161230</controlfield><controlfield tag="005">20161230201040</controlfield><controlfield tag="008">060222s1000------------r-----000-0-eng-d</controlfield><datafield ind1=" " ind2=" " tag="245"><subfield code="a">Norme de protectie a muncii specifice industriei constructiilor de masini. vol.2: norme de protectie a muncii specifice industriei constructiilor de masini pentru turnatorii-modelari. npm-tm</subfield></datafield><datafield ind1=" " ind2=" " tag="260"><subfield code="a">Bucuresti, Min.Constr.De Masini, 1981</subfield></datafield><datafield ind1=" " ind2=" " tag="852"><subfield code="a">71459</subfield></datafield></record></collection>